@misc{_culture_????,
	title = {La culture de l’interdit du cannabis},
	url = {http://www.cedro-uva.org/lib/cohen.cannabisverbod.fr.html},
	urldate = {2016-11-16},
	file = {La culture de l’interdit du cannabis:C\:\\Users\\cl-fo\\AppData\\Roaming\\Zotero\\Zotero\\Profiles\\8tf4jvgx.default\\zotero\\storage\\X987D9SV\\cohen.cannabisverbod.fr.html:text/html}
}

@misc{_mise_????,
	title = {Mise sur le marché du médicament sativex - {Sénat}},
	url = {https://www.senat.fr/questions/base/2016/qSEQ160421262.html},
	urldate = {2016-11-16},
	file = {Mise sur le marché du médicament sativex - Sénat:C\:\\Users\\cl-fo\\AppData\\Roaming\\Zotero\\Zotero\\Profiles\\8tf4jvgx.default\\zotero\\storage\\FIU5VBZT\\qSEQ160421262.html:text/html}
}

@article{beguin_commission_2016,
	chapter = {Société},
	title = {La {Commission} nationale des droits de l’homme prône la dépénalisation de l’usage du cannabis en {France}},
	issn = {1950-6244},
	url = {http://www.lemonde.fr/addictions/article/2016/11/08/la-commission-nationale-des-droits-de-l-homme-prone-la-depenalisation-de-l-usage-de-cannabis_5027608_1655173.html},
	abstract = {Cette haute autorité administrative se prononce également pour une contraventionnalisation de l’usage des autres produits stupéfiants.},
	language = {fr},
	urldate = {2016-11-16},
	journal = {Le Monde.fr},
	author = {Béguin, François},
	month = nov,
	year = {2016},
	file = {Snapshot:C\:\\Users\\cl-fo\\AppData\\Roaming\\Zotero\\Zotero\\Profiles\\8tf4jvgx.default\\zotero\\storage\\T7WX5S9T\\la-commission-nationale-des-droits-de-l-homme-prone-la-depenalisation-de-l-usage-de-cannabis_50.html:text/html}
}

@misc{_cannabis._????,
	title = {Cannabis. {Une} consommation qui ne sera bientôt plus punie ?},
	url = {http://www.ouest-france.fr/sante/addictions/drogues/cannabis-une-consommation-qui-ne-sera-bientot-plus-punie-4600096/},
	abstract = {Dans un avis voté ce mardi, la Commission nationale consultative des droits de l'homme a recommandé de décriminaliser la consommation de cannabis. La CNCDH, qui},
	urldate = {2016-11-16},
	journal = {Ouest-France.fr},
	file = {Snapshot:C\:\\Users\\cl-fo\\AppData\\Roaming\\Zotero\\Zotero\\Profiles\\8tf4jvgx.default\\zotero\\storage\\685ZASAA\\cannabis-une-consommation-qui-ne-sera-bientot-plus-punie-4600096.html:text/html}
}

@misc{_loi_2016,
	title = {Loi du 31 décembre 1970},
	copyright = {Creative Commons Attribution-ShareAlike License},
	url = {https://fr.wikipedia.org/w/index.php?title=Loi_du_31_d%C3%A9cembre_1970&oldid=129406784},
	abstract = {La Loi no 70-1320 du 31 décembre 1970 relative aux mesures sanitaires de lutte contre la toxicomanie et à la répression du trafic et de l'usage illicite de substances vénéneuses abrégée loi du 31 décembre 1970 et parfois surnommée loi Mazeaud (du nom du rapporteur de la commission des lois d'alors, le député UDR Pierre Mazeaud) est une loi d'exception fixant le cadre légal relatif aux drogues en France. Elle est votée le 31 décembre 1970 et publiée au Journal officiel de la République française le 3 janvier 1971, à la page 74. La loi se place sous le signe de la "lutte contre la toxicomanie", en mettant en place un double système de mesures coercitives, où deux types de réponses légales sont offertes par le magistrat à l'usager d'une des substances classées comme stupéfiants : réponse pénale (répressive), ou réponse médicale (sanitaire).
À ce titre, la loi de 1970 considère l'usager simple de stupéfiants à la fois comme un malade et comme un délinquant (jusqu'à un an de prison ferme pour usage simple). Elle sanctionne également la production, la vente ou la cession, et l'organisation de la production ou de la cession de stupéfiants.},
	language = {fr},
	urldate = {2016-11-16},
	journal = {Wikipédia},
	month = sep,
	year = {2016},
	note = {Page Version ID: 129406784},
	file = {Snapshot:C\:\\Users\\cl-fo\\AppData\\Roaming\\Zotero\\Zotero\\Profiles\\8tf4jvgx.default\\zotero\\storage\\AE7UNIJJ\\index.html:text/html}
}

@misc{dubessy_france_????,
	title = {La {France} se distingue dans la production mondiale de drogue licite},
	url = {http://www.econostrum.info/La-France-se-distingue-dans-la-production-mondiale-de-drogue-licite_a19901.html},
	abstract = {Dans son rapport 2014, l'Organe international de contrôle des stupéfiants note une suprématie de la paille de pavot pour la production de drogue licite, au détriment de l'opium. France et Espagne figurent parmi les plus gros producteurs de paille de pavot.},
	urldate = {2016-11-16},
	journal = {Econostrum {\textbar} Toute l'actualité économique en Méditerranée},
	author = {Dubessy, Frédéric},
	file = {Snapshot:C\:\\Users\\cl-fo\\AppData\\Roaming\\Zotero\\Zotero\\Profiles\\8tf4jvgx.default\\zotero\\storage\\DZJDCTBX\\La-France-se-distingue-dans-la-production-mondiale-de-drogue-licite_a19901.html:text/html}
}

@misc{_cannabis_????,
	title = {{CANNABIS} {MÉDICAL}: {Pourquoi} l'usage devance la recherche – {Science} {\textbar} {Santé} blog},
	shorttitle = {{CANNABIS} {MÉDICAL}},
	url = {http://blog.santelog.com/2016/06/26/cannabis-medical-pourquoi-lusage-devance-la-recherche-science/},
	urldate = {2016-11-16},
	file = {Snapshot:C\:\\Users\\cl-fo\\AppData\\Roaming\\Zotero\\Zotero\\Profiles\\8tf4jvgx.default\\zotero\\storage\\8C59T9V2\\cannabis-medical-pourquoi-lusage-devance-la-recherche-science.html:text/html}
}

@misc{_cannabis_????-1,
	title = {Cannabis : un frein au travail ?},
	shorttitle = {Cannabis},
	url = {http://www.ladepeche.fr/article/2016/09/07/2413883-cannabis-un-frein-au-travail.html},
	abstract = {Fumer du cannabis diminue la motivation à travailler pour gagner de l’argent. Et selon des chercheurs britanniques, cette apathie passagère n’est pas le fruit d’une consommation régulière. L’équivalent d’un joint suffit en effet à abaisser...},
	urldate = {2016-11-16},
	journal = {ladepeche.fr},
	file = {Snapshot:C\:\\Users\\cl-fo\\AppData\\Roaming\\Zotero\\Zotero\\Profiles\\8tf4jvgx.default\\zotero\\storage\\5B69GZJ4\\2413883-cannabis-un-frein-au-travail.html:text/html}
}

@misc{_shit!_????,
	title = {Shit! {Tout} sur le cannabis},
	url = {https://www.franceculture.fr/oeuvre-shit-tout-sur-le-cannabis-de-bruno-blum},
	abstract = {Shit! Tout sur le cannabis : retrouvez toute l'actualité, nos dossiers et nos émissions sur France Culture, le site de la chaîne des savoirs et de la création.},
	urldate = {2016-11-16},
	journal = {France Culture},
	file = {Snapshot:C\:\\Users\\cl-fo\\AppData\\Roaming\\Zotero\\Zotero\\Profiles\\8tf4jvgx.default\\zotero\\storage\\J7SF4MEP\\oeuvre-shit-tout-sur-le-cannabis-de-bruno-blum.html:text/html}
}

@article{favereau_cannabis_2016,
	title = {Cannabis : l'ébauche d'un plant},
	shorttitle = {Cannabis},
	url = {http://nouveau.europresse.com/Link/INSAT_1/news·20161004·LI·d4bd30374bbc2da3a0cfdcf8f642f22a},
	journal = {Libération},
	author = {Favereau, Eric},
	month = oct,
	year = {2016}
}

@misc{_culture_????-1,
	title = {The {Culture} {High} - {Documentary} {Feature} {Film}},
	url = {http://www.theculturehigh.com/},
	urldate = {2016-11-16},
	file = {The Culture High - Documentary Feature Film:C\:\\Users\\cl-fo\\AppData\\Roaming\\Zotero\\Zotero\\Profiles\\8tf4jvgx.default\\zotero\\storage\\ZSFNF4C9\\www.theculturehigh.com.html:text/html}
}

@article{durand_cannabis_2016,
	chapter = {Conjoncture},
	title = {Le cannabis, un marché légal de plus de 5 milliards de dollars aux {USA}},
	issn = {0182-5852},
	abstract = {VIDÉO - Présent, à des degrés de tolérance divers, dans la moitié des États américains, la vente de cannabis est un marché prometteur, selon les observateurs de ce secteur d'activité atypique.},
	language = {fr-FR},
	journal = {Le Figaro},
	author = {Durand, Damien},
	month = feb,
	year = {2016},
	keywords = {Cannabis, États-Unis, Légalisation, Marijuana},
	file = {Snapshot:C\:\\Users\\cl-fo\\AppData\\Roaming\\Zotero\\Zotero\\Profiles\\8tf4jvgx.default\\zotero\\storage\\TTAWNB8A\\20002-20160205ARTFIG00136-le-business-de-la-marijuana-depasse-les-5-milliards-de-dollars-aux-us.html:text/html}
}

@article{_pour_2014,
	chapter = {Société},
	title = {Pour la légalisation du cannabis},
	issn = {1950-6244},
	url = {http://www.lemonde.fr/societe/article/2014/12/19/cannabis-pour-la-legalisation_4543734_3224.html},
	abstract = {Editorial du « Monde ». Un débat public doit s’ouvrir car malgré son arsenal répressif, la France est, avec le Danemark, le pays où l’usage est le plus répandu.},
	language = {fr},
	urldate = {2016-11-16},
	journal = {Le Monde.fr},
	month = dec,
	year = {2014},
	file = {Snapshot:C\:\\Users\\cl-fo\\AppData\\Roaming\\Zotero\\Zotero\\Profiles\\8tf4jvgx.default\\zotero\\storage\\EFZ6C3QZ\\cannabis-pour-la-legalisation_4543734_3224.html:text/html}
}

@misc{margaux_baralon_ce_????,
	title = {Ce que la légalisation du cannabis rapporterait à l'{Etat}},
	url = {http://www.europe1.fr/economie/ce-que-la-legalisation-du-cannabis-rapporterait-a-letat-2717911},
	abstract = {ÉCONOMIE - La dépénalisation du cannabis représente un gain considérable pour les Etats qui l'ont mise en place. En France, elle pourrait rapporter près de 2 milliards d'euros par an.},
	urldate = {2016-11-16},
	journal = {Europe 1},
	author = {{Margaux Baralon}},
	file = {Snapshot:C\:\\Users\\cl-fo\\AppData\\Roaming\\Zotero\\Zotero\\Profiles\\8tf4jvgx.default\\zotero\\storage\\86TREF42\\ce-que-la-legalisation-du-cannabis-rapporterait-a-letat-2717911.html:text/html}
}

@article{massi_cannabidiol_2013,
	title = {Cannabidiol as potential anticancer drug},
	volume = {75},
	issn = {1365-2125},
	doi = {10.1111/j.1365-2125.2012.04298.x},
	abstract = {Over the past years, several lines of evidence support an antitumourigenic effect of cannabinoids including Δ(9)-tetrahydrocannabinol (Δ(9)-THC), synthetic agonists, endocannabinoids and endocannabinoid transport or degradation inhibitors. Indeed, cannabinoids possess anti-proliferative and pro-apoptotic effects and they are known to interfere with tumour neovascularization, cancer cell migration, adhesion, invasion and metastasization. However, the clinical use of Δ(9)-THC and additional cannabinoid agonists is often limited by their unwanted psychoactive side effects, and for this reason interest in non-psychoactive cannabinoid compounds with structural affinity for Δ(9)-THC, such as cannabidiol (CBD), has substantially increased in recent years. The present review will focus on the efficacy of CBD in the modulation of different steps of tumourigenesis in several types of cancer and highlights the importance of exploring CBD/CBD analogues as alternative therapeutic agents.},
	language = {ENG},
	number = {2},
	journal = {Br J Clin Pharmacol},
	author = {Massi, Paola and Solinas, Marta and Cinquina, Valentina and Parolaro, Daniela},
	month = feb,
	year = {2013},
	pmid = {22506672},
	pmcid = {PMC3579246},
	keywords = {Anticarcinogenic Agents, Cannabidiol, Cannabinoid Receptor Modulators, Humans, Neoplasms},
	pages = {303--312}
}

@misc{_theunionweb_????,
	title = {{TheUnionWeb}},
	url = {http://www.theunionmovie.com/TheUnionWeb.html},
	urldate = {2016-11-16},
	note = {Info : 
University of Fraser Valley Study
The Senate of Canada Report
LEAP
A.H.E.M.P.
NORML
BC Compassion Club Society
U.S. Drueg Enforcement Administration
Dr. Lester Grinspoon, MD
Vancouver Police Department
RCMP
BC Marijuana Party
Controlled Drugs and Substances Act
Canadian Hemp trade Alliance
Hemp Industries Association
Hempology.org},
	file = {TheUnionWeb:C\:\\Users\\cl-fo\\AppData\\Roaming\\Zotero\\Zotero\\Profiles\\8tf4jvgx.default\\zotero\\storage\\PU3PSS44\\TheUnionWeb.html:text/html}
}

@article{point.fr_cannabis_2016,
	title = {Cannabis et jeux en ligne : le parallèle audacieux de {Terra} {Nova}},
	shorttitle = {Cannabis et jeux en ligne},
	url = {http://nouveau.europresse.com/Link/INSAT_1/news·20161004·POR·5621038lpw},
	journal = {Le Point.fr},
	author = {Point.fr, Par Le},
	month = oct,
	year = {2016}
}

@misc{leguen16,
	title = {Le {Guen} a raison ! 5 raisons de débattre de la légalisation du cannabis},
	url = {https://www.contrepoints.org/2016/04/12/201227-5-raisons-de-rouvrir-le-debat-sur-la-legalisation-du-cannabis},
	abstract = {5 bonnes raisons de légaliser le cannabis. Le Guen devrait être écouté (Replay).},
	urldate = {2016-11-16},
	journal = {Contrepoints},
	author = {Créteur, Baptiste},
	month = apr,
	year = {2016},
	file = {Snapshot:C\:\\Users\\cl-fo\\AppData\\Roaming\\Zotero\\Zotero\\Profiles\\8tf4jvgx.default\\zotero\\storage\\HRD493SJ\\201227-5-raisons-de-rouvrir-le-debat-sur-la-legalisation-du-cannabis.html:text/html}
}

@misc{wikiVitreBrisee,
	title = {Hypothèse de la vitre brisée},
	copyright = {Creative Commons Attribution-ShareAlike License},
	url = {https://fr.wikipedia.org/w/index.php?title=Hypoth%C3%A8se_de_la_vitre_bris%C3%A9e&oldid=132327129},
	abstract = {L'hypothèse de la vitre brisée, souvent appelée théorie de la vitre brisée, à son tour également dite de la fenêtre brisée ou du carreau cassé, est une explication statistique mise en avant pour établir un lien direct de cause à effet entre le taux de criminalité et le nombre croissant de fenêtres brisées à la suite d'une seule fenêtre brisée que l'on omet de réparer. Cette théorie qui se rattache concrètement à la criminologie, est reprise en sociologie de la déviance, en sociologie urbaine, et même en sciences sociales .
Il s'agit d'un concept ou plutôt d'une analogie, voulant que les petites détériorations que subit l'espace public suscitent nécessairement un délabrement plus général des cadres de vie et des situations humaines qui en relèvent. Souvent utilisée par les partisans de la tolérance zéro, ce principe est fondé sur l'exemple d'un édifice dont une vitre brisée n'est pas immédiatement remplacée. Partant de là, toutes les autres seront cassées peu de temps après parce que la première laisse entendre que le bâtiment est abandonné, ce qui constitue l'amorce d'un cercle vicieux.
Parfois, on utilise l'exemple de la voiture rayée pour illustrer le fait que celle-ci se fasse beaucoup plus rayer qu'une voiture n'ayant aucune rayure. Selon Rudolph Giuliani, ancien maire de New York, un immeuble aux carreaux cassés est signe de délabrement et d'abandon et, s'il est abandonné, il sera utilisé par des trafiquants de drogue et les drogués fréquenteront le quartier, y faisant grimper le taux de criminalité. Donc, en imposant une forte amende aux propriétaires qui laissent leurs immeubles pourrir, on fera chuter la criminalité[réf. souhaitée].},
	language = {fr},
	urldate = {2017-01-12},
	journal = {Wikipédia},
	month = dec,
	year = {2016},
	note = {Page Version ID: 132327129},
}

@misc{dufresne10,
	title = {Les forums de {Prison} {Valley} - {Prisons} privées : faits, données et perspectives},
	url = {http://prisonvalley.arte.tv/fr/forums/discussion/34/prisons-privees-faits-donnees-et-perspectives},
    author={Dufresne, Michel},
	urldate = {2017-01-12},
}

@misc{knaebel16,
	title = {La privatisation rampante des prisons françaises},
	url = {http://multinationales.org/La-privatisation-rampante-des-prisons-francaises},
	abstract = {En France, plus d'un tiers des prisons sont en partie gérées par des grands groupes privés. Le mouvement de privatisation du système carcéral, entamé (...)},
	urldate = {2017-01-12},
	journal = {Observatoire des multinationales},
	author = {Knaebel, Rachel},
}

@report{terraNova_rapport,
	title = {Cannabis : {Réguler} le marché pour sortir de l’impasse},
	shorttitle = {Cannabis},
	url = {http://tnova.fr/etudes/cannabis-reguler-le-marche-pour-sortir-de-l-impasse},
	abstract = {De nombreux pays, dont les Etats-Unis ou l'Uruguay, ont changé d'approche dans la lutte contre la drogue, et le cannabis en particulier. Comment ex...},
	publisher={Terra Nova},
    author={Kopp, Pierre and Ben Lakhdar, C and Perez, R},
}

@report{irdes,
	title={Les jeunes et l’alcool: évolution des comportements, facteurs de risque et éléments protecteurs},
    author={Com-Ruelle, L and Le Guen, N and ({I}rdes)}

}

@article{obradovic15,
	author={Ivana Obradovic}, 
    title={Le cannabis en {F}rance : {É}tat des lieux et réponses publiques},
    journal={La {V}ie des idées},
    date={2015-04-15}
}

@article{reality,
	title={Dose of Reality : The Effect of State Marijuana Legalizations},
    author={Dills, A and Goffard, S and Miron,J},
    journal={Policy Analysis},
    date={2016-09-16},
    publisher={C{ATO} {I}nstitute}
}

@report{drugreport,
	title={European {D}rug {R}eport},
    author={European {M}onitoring {C}enter for {D}rugs and {D}rug {A}ddiction},
    date={2015}
}

@misc{franceCulture,
	title = {Interdire ou accompagner les pratiques du cannabis},
	url = {https://www.franceculture.fr/emissions/les-discussions-du-soir-avec-rene-frydman/interdire-ou-accompagner-les-pratiques-du},
	abstract = {Les fleurs du mal ou quand le cannabis passe du festif au médical : les hésitations de notre société},
	urldate = {2017-01-12},
	journal = {France Culture}
}

@misc{oecd,
	title = {{OECD} outlines action for governments to tackle heavy cost of harmful drinking - {OECD}},
	url = {http://www.oecd.org/health/oecdoutlinesactionforgovernmentstotackleheavycostofharmfuldrinking.htm},
	urldate = {2017-01-12},
	file = {OECD outlines action for governments to tackle heavy cost of harmful drinking - OECD:C\:\\Users\\cl-fo\\AppData\\Roaming\\Zotero\\Zotero\\Profiles\\8tf4jvgx.default\\zotero\\storage\\RM8UNXJV\\oecdoutlinesactionforgovernmentstotackleheavycostofharmfuldrinking.html:text/html}
}

@misc{prohibition20,
	title = {La prohibition aux {Etats}-{Unis} dans les 1920 : {Un} échec cuisant {\textbar} {FBE} {International} {Consultants}},
	shorttitle = {La prohibition aux {Etats}-{Unis} dans les 1920},
	url = {http://fbe-international.com/articles/la-prohibition-aux-etats-unis-dans-les-1920-un-echec-cuisant/},
	abstract = {Communication présentée avec Anne-Lorraine Bujon de l'Estang lors du colloque de l'Académie du Vin de France et de la Société de Géographie, le 27 janvier 2012.},
	urldate = {2017-01-12},
	file = {Snapshot:C\:\\Users\\cl-fo\\AppData\\Roaming\\Zotero\\Zotero\\Profiles\\8tf4jvgx.default\\zotero\\storage\\TFUWUER4\\la-prohibition-aux-etats-unis-dans-les-1920-un-echec-cuisant.html:text/html}
}

@misc{uruguaybilan,
	title = {Légalisation du cannabis en {Uruguay} : un bilan à nuancer},
	shorttitle = {Légalisation du cannabis en {Uruguay}},
	url = {https://www.opinion-internationale.com/2016/03/04/legalisation-du-cannabis-en-uruguay-un-bilan-a-nuancer_41227.html},
	abstract = {Deux ans après sa mise en place, Opinion Internationale fait le bilan de l’une des mesures les plus médiatisées du charismatique ancien président uruguayen, « Pepe » Mujica.},
	urldate = {2017-01-12},
	annotation = {This second source is also really interesting because it contains words}
}

@misc{wikicannabismedical,
	title = {Cannabis médical},
	copyright = {Creative Commons Attribution-ShareAlike License},
	url = {https://fr.wikipedia.org/w/index.php?title=Cannabis_m%C3%A9dical&oldid=133202488},
	abstract = {Le cannabis médical (appelé aussi cannabis thérapeutique, marijuana médicale ou marijuana thérapeutique) désigne le Cannabis sativa (désignation botanique du chanvre), et, par extension, l'ensemble des dizaines de phyto-cannabinoïdes destinés à un usage purement médical, généralement prescrits pour leurs vertus antiémétiques.
À ce jour, compte tenu de l'évolution des connaissances scientifiques dans le domaine des cannabinoïdes, l'usage médical du cannabis redevient de plus en plus toléré, voire légal dans un nombre grandissant de pays : le Canada, l'Australie, les Pays-Bas, le Royaume-Uni, la Nouvelle-Zélande, l'Allemagne, l'Espagne, le Portugal, l'Italie, la République Tchèque, la Roumanie, la Finlande, le Chili, la Colombie, Israël et aux États-Unis dans 23 États américains ainsi que dans la capitale fédérale (Alaska, Arizona, Californie, Colorado, Connecticut, Delaware, Hawaii, Illinois, Maine, Maryland, Massachusetts, Michigan, Minnesota, Montana, Nevada, New Hampshire, New Jersey, New York, Nouveau-Mexique, Oregon, Rhode Island, Vermont, Washington, Washington DC). Cet usage nécessite soit une ordonnance, soit une confirmation de diagnostic médical. La distribution se fait généralement dans un cadre défini par les lois locales ; pharmacies et coffee shops aux Pays-Bas, Clubs Compassion au Canada, Buyers Club aux États-Unis, Cannabis Social Clubs en Espagne ou encore auto-production en Allemagne.},
	language = {fr},
	urldate = {2017-01-12},
	journal = {Wikipédia},
	month = jan,
	year = {2017},
	note = {Page Version ID: 133202488}
}



@article{washington,
	chapter = {Health},
	title = {Study {Finds} {No} {Cancer}-{Marijuana} {Connection}},
	issn = {0190-8286},
	url = {http://www.washingtonpost.com/wp-dyn/content/article/2006/05/25/AR2006052501729.html},
	abstract = {The largest study of its kind has unexpectedly concluded that smoking marijuana, even regularly and heavily, does not lead to lung cancer.},
	language = {en-US},
	urldate = {2017-01-12},
	journal = {The Washington Post},
	author = {Kaufman, Marc},
	month = may,
	year = {2006},
	file = {Washington Post Snapshot:/Users/lucasclement/Library/Application Support/Zotero/Profiles/jc3f57am.default/zotero/storage/FTR947M3/AR2006052501729_pf.html:text/html}
}







@misc{cannacancer,
	title = {Le cannabis est-il un médicament ? {\textbar} {Fondation} contre le {Cancer}},
	url = {http://www.cancer.be/pr-vention/le-r-le-du-tabac/je-fume-du-cannabis/le-cannabis-est-il-un-m-dicament},
	urldate = {2017-01-12},
	file = {Le cannabis est-il un médicament ? | Fondation contre le Cancer:/Users/lucasclement/Library/Application Support/Zotero/Profiles/jc3f57am.default/zotero/storage/VD8DU9KM/le-cannabis-est-il-un-m-dicament.html:text/html}
}